
@article{lee2004development,
  title={Development of MITC isotropic triangular shell finite elements},
  author={Lee, Phill-Seung and Bathe, Klaus-J{\"u}rgen},
  journal={Computers \& Structures},
  volume={82},
  number={11-12},
  pages={945--962},
  year={2004},
  publisher={Elsevier}
}